@book{smith2004,
  title={Genetic Regulation of Mosquito Development},
  author={Smith, Alfred},
  year={2004},
  publisher={University Press}
}

@article{chen2023,
  title={Common pathogens transmitted by mosquitoes},
  author={Chen, Michael},
  journal={Journal of Mosquito Viruses},
  volume={8},
  pages={26-32},
  year={2023},
  publisher={Diamond Journals}
}